<record><leader>00000cas a2200000 a 4500</leader><controlfield tag="001">12210577</controlfield><controlfield tag="008">850628d18971900ksuwr ne      0    0eng d</controlfield><datafield ind1=" " ind2=" " tag="010"><subfield code="a">sn 85031502 </subfield></datafield><datafield ind1=" " ind2=" " tag="040"><subfield code="a">KSH</subfield><subfield code="b">eng</subfield><subfield code="c">KSH</subfield><subfield code="d">NPT</subfield><subfield code="d">OCL</subfield><subfield code="d">OCLCQ</subfield></datafield><datafield ind1=" " ind2=" " tag="042"><subfield code="a">msc</subfield></datafield><datafield ind1="0" ind2="4" tag="245"><subfield code="a">The Oswego weekly blade.</subfield></datafield><datafield ind1=" " ind2=" " tag="260"><subfield code="a">Oswego, Kan. :</subfield><subfield code="b">William Cook,</subfield><subfield code="c">1897-1900.</subfield></datafield><datafield ind1=" " ind2=" " tag="300"><subfield code="a">3 v. :</subfield><subfield code="b">ill. ;</subfield><subfield code="c">55-64 cm.</subfield></datafield><datafield ind1=" " ind2=" " tag="310"><subfield code="a">Weekly</subfield></datafield><datafield ind1="0" ind2=" " tag="362"><subfield code="a">Vol. 18, no. 29 (Feb. 17, 1897)-v. 21, no. 29 (Feb. 28, 1900).</subfield></datafield><datafield ind1=" " ind2=" " tag="500"><subfield code="a">Published by Wm. Cook &amp; Son, June 7, 1899-Feb. 28, 1900.</subfield></datafield><datafield ind1=" " ind2=" " tag="525"><subfield code="a">Supplements included.</subfield></datafield><datafield ind1=" " ind2=" " tag="752"><subfield code="a">United States</subfield><subfield code="b">Kansas</subfield><subfield code="c">Labette</subfield><subfield code="d">Oswego.</subfield></datafield><datafield ind1="0" ind2="0" tag="780"><subfield code="t">Oswego news-blade</subfield><subfield code="w">(DLC)sn 85031501</subfield></datafield><datafield ind1="0" ind2="0" tag="785"><subfield code="t">Oswego blade</subfield><subfield code="w">(DLC)sn 85031503</subfield></datafield></record>